@inproceedings{fernandez2015liquid,
  title={Liquid: Unifying Nearline and Offline Big Data Integration.},
  author={Fernandez, Raul Castro and Pietzuch, Peter and Kreps, Jay and Narkhede, Neha and Rao, Jun and Koshy, Joel and Lin, Dong and Riccomini, Chris and Wang, Guozhang},
  booktitle={CIDR},
  year={2015}
}

@inproceedings{yang2014druid,
  title={Druid: a real-time analytical data store},
  author={Yang, Fangjin and Tschetter, Eric and L{\'e}aut{\'e}, Xavier and Ray, Nelson and Merlino, Gian and Ganguli, Deep},
  booktitle={Proceedings of the 2014 ACM SIGMOD international conference on Management of data},
  pages={157--168},
  year={2014},
  organization={ACM}
}

@inproceedings{kornacker2015impala,
  title={Impala: A Modern, Open-Source SQL Engine for Hadoop.},
  author={Kornacker, Marcel and Behm, Alexander and Bittorf, Victor and Bobrovytsky, Taras and Ching, Casey and Choi, Alan and Erickson, Justin and Grund, Martin and Hecht, Daniel and Jacobs, Matthew and others},
  booktitle={CIDR},
  year={2015}
}

@article{hausenblas2013apache,
  title={Apache drill: interactive ad-hoc analysis at scale},
  author={Hausenblas, Michael and Nadeau, Jacques},
  journal={Big Data},
  volume={1},
  number={2},
  pages={100--104},
  year={2013},
  publisher={Mary Ann Liebert, Inc. 140 Huguenot Street, 3rd Floor New Rochelle, NY 10801 USA}
}

@article{thusoo2009hive,
  title={Hive: a warehousing solution over a map-reduce framework},
  author={Thusoo, Ashish and Sarma, Joydeep Sen and Jain, Namit and Shao, Zheng and Chakka, Prasad and Anthony, Suresh and Liu, Hao and Wyckoff, Pete and Murthy, Raghotham},
  journal={Proceedings of the VLDB Endowment},
  volume={2},
  number={2},
  pages={1626--1629},
  year={2009},
  publisher={VLDB Endowment}
}

@inproceedings{Srivastava:FTM,
 author = {Srivastava, Utkarsh and Widom, Jennifer},
 title = {Flexible Time Management in Data Stream Systems},
 booktitle = {Proceedings of the Twenty-third ACM SIGMOD-SIGACT-SIGART Symposium on Principles of Database Systems},
 series = {PODS '04},
 year = {2004},
 isbn = {158113858X},
 location = {Paris, France},
 pages = {263--274},
 numpages = {12},
 url = {http://doi.acm.org/10.1145/1055558.1055596},
 doi = {10.1145/1055558.1055596},
 acmid = {1055596},
 publisher = {ACM},
 address = {New York, NY, USA},
}

@article{Tucker:EPS,
 author = {Tucker, Peter A. and Maier, David and Sheard, Tim and Fegaras, Leonidas},
 title = {Exploiting Punctuation Semantics in Continuous Data Streams},
 journal = {IEEE Trans. on Knowl. and Data Eng.},
 issue_date = {March 2003},
 volume = {15},
 number = {3},
 month = mar,
 year = {2003},
 issn = {1041-4347},
 pages = {555--568},
 numpages = {14},
 url = {http://dx.doi.org/10.1109/TKDE.2003.1198390},
 doi = {10.1109/TKDE.2003.1198390},
 acmid = {776780},
 publisher = {IEEE Educational Activities Department},
 address = {Piscataway, NJ, USA},
 keywords = {Continuous queries, stream semantics, continuous data streams, query operators, stream iterators.},
}

@inproceedings{Krishnamurthy:CAO,
 author = {Krishnamurthy, Sailesh and Franklin, Michael J. and Davis, Jeffrey and Farina, Daniel and Golovko, Pasha and Li, Alan and Thombre, Neil},
 title = {Continuous Analytics over Discontinuous Streams},
 booktitle = {Proceedings of the 2010 ACM SIGMOD International Conference on Management of Data},
 series = {SIGMOD '10},
 year = {2010},
 isbn = {978-1-4503-0032-2},
 location = {Indianapolis, Indiana, USA},
 pages = {1081--1092},
 numpages = {12},
 url = {http://doi.acm.org/10.1145/1807167.1807290},
 doi = {10.1145/1807167.1807290},
 acmid = {1807290},
 publisher = {ACM},
 address = {New York, NY, USA},
 keywords = {continuous queries, order, out-of-order, streams},
}

@article{Li:OOP,
 author = {Li, Jin and Tufte, Kristin and Shkapenyuk, Vladislav and Papadimos, Vassilis and Johnson, Theodore and Maier, David},
 title = {Out-of-order Processing: A New Architecture for High-performance Stream Systems},
 journal = {Proc. VLDB Endow.},
 issue_date = {August 2008},
 volume = {1},
 number = {1},
 month = aug,
 year = {2008},
 issn = {2150-8097},
 pages = {274--288},
 numpages = {15},
 url = {http://dx.doi.org/10.14778/1453856.1453890},
 doi = {10.14778/1453856.1453890},
 acmid = {1453890},
 publisher = {VLDB Endowment},
}

@article{abadi2003aurora,
  title={Aurora: a new model and architecture for data stream management},
  author={Abadi, Daniel J and Carney, Don and {\c{C}}etintemel, Ugur and Cherniack, Mitch and Convey, Christian and Lee, Sangdon and Stonebraker, Michael and Tatbul, Nesime and Zdonik, Stan},
  journal={The VLDB Journal-The International Journal on Very Large Data Bases},
  volume={12},
  number={2},
  pages={120--139},
  year={2003},
  publisher={Springer-Verlag New York, Inc.}
}

@inproceedings{abadi2005design,
  title={The Design of the Borealis Stream Processing Engine.},
  author={Abadi, Daniel J and Ahmad, Yanif and Balazinska, Magdalena and Cetintemel, Ugur and Cherniack, Mitch and Hwang, Jeong-Hyon and Lindner, Wolfgang and Maskey, Anurag and Rasin, Alex and Ryvkina, Esther and others},
  booktitle={CIDR},
  volume={5},
  pages={277--289},
  year={2005}
}

@article{arasu2004stream,
  title={Stream: The stanford data stream management system},
  author={Arasu, Arvind and Babcock, Brian and Babu, Shivnath and Cieslewicz, John and Datar, Mayur and Ito, Keith and Motwani, Rajeev and Srivastava, Utkarsh and Widom, Jennifer},
  journal={Book chapter},
  year={2004},
  publisher={Stanford InfoLab}
}

@inproceedings{Chandrasekaran:2002:SQO:1287369.1287388,
 author = {Chandrasekaran, Sirish and Franklin, Michael J.},
 title = {Streaming Queries over Streaming Data},
 booktitle = {Proceedings of the 28th International Conference on Very Large Data Bases},
 series = {VLDB '02},
 year = {2002},
 location = {Hong Kong, China},
 pages = {203--214},
 numpages = {12},
 url = {http://dl.acm.org/citation.cfm?id=1287369.1287388},
 acmid = {1287388},
 publisher = {VLDB Endowment},
}

@article{plale2003tpds,
author = {Beth Plale and Karsten Schwan},
title = {Dynamic Querying of Streaming Data with the d{QUOB} System},
journal = {{IEEE} Transactions in Parallel and Distributed Systems},
month = {April},
address = {Los Alamitos},
volume = 14,
number = 4,
pages = {422 -- 432},
year = 2003
}

@inproceedings{neumeyer2010s4,
  title={S4: Distributed stream computing platform},
  author={Neumeyer, Leonardo and Robbins, Bruce and Nair, Anish and Kesari, Anand},
  booktitle={Data Mining Workshops (ICDMW), 2010 IEEE International Conference on},
  pages={170--177},
  year={2010},
  organization={IEEE}
}

@ONLINE{asf:2015:storm,
author = {ASF},
title = {Apache Storm},
url = {https://storm.apache.org}
}

@inproceedings{zaharia2013discretized,
  title={Discretized streams: Fault-tolerant streaming computation at scale},
  author={Zaharia, Matei and Das, Tathagata and Li, Haoyuan and Hunter, Timothy and Shenker, Scott and Stoica, Ion},
  booktitle={Proceedings of the Twenty-Fourth ACM Symposium on Operating Systems Principles},
  pages={423--438},
  year={2013},
  organization={ACM}
}

@article{chandramouli2014trill,
  title={Trill: A High-Performance Incremental Query Processor for Diverse Analytics},
  author={Chandramouli, Badrish and Goldstein, Jonathan and Barnett, Mike and DeLine, Robert and Fisher, Danyel and Platt, John C and Terwilliger, James F and Wernsing, John},
  journal={Proceedings of the VLDB Endowment},
  volume={8},
  number={4},
  year={2014}
}

@inproceedings{cranor2003gigascope,
  title={Gigascope: a stream database for network applications},
  author={Cranor, Chuck and Johnson, Theodore and Spataschek, Oliver and Shkapenyuk, Vladislav},
  booktitle={Proceedings of the 2003 ACM SIGMOD international conference on Management of data},
  pages={647--651},
  year={2003},
  organization={ACM}
}

@article{Jain:2008:TSS:1454159.1454179,
 author = {Jain, Namit and Mishra, Shailendra and Srinivasan, Anand and Gehrke, Johannes and Widom, Jennifer and Balakrishnan, Hari and \c{C}etintemel, U\v{g}ur and Cherniack, Mitch and Tibbetts, Richard and Zdonik, Stan},
 title = {Towards a Streaming SQL Standard},
 journal = {Proc. VLDB Endow.},
 issue_date = {August 2008},
 volume = {1},
 number = {2},
 month = aug,
 year = {2008},
 issn = {2150-8097},
 pages = {1379--1390},
 numpages = {12},
 url = {http://dx.doi.org/10.14778/1454159.1454179},
 doi = {10.14778/1454159.1454179},
 acmid = {1454179},
 publisher = {VLDB Endowment},
}

@article{Arasu:2006:CCQ:1146461.1146463,
 author = {Arasu, Arvind and Babu, Shivnath and Widom, Jennifer},
 title = {The CQL Continuous Query Language: Semantic Foundations and Query Execution},
 journal = {The VLDB Journal},
 issue_date = {June 2006},
 volume = {15},
 number = {2},
 month = jun,
 year = {2006},
 issn = {1066-8888},
 pages = {121--142},
 numpages = {22},
 url = {http://dx.doi.org/10.1007/s00778-004-0147-z},
 doi = {10.1007/s00778-004-0147-z},
 acmid = {1146463},
 publisher = {Springer-Verlag New York, Inc.},
 address = {Secaucus, NJ, USA},
 keywords = {Continuous queries, Data streams, Query language, Query processing},
}

@inproceedings{murray2013naiad,
  title={Naiad: a timely dataflow system},
  author={Murray, Derek G and McSherry, Frank and Isaacs, Rebecca and Isard, Michael and Barham, Paul and Abadi, Mart{\'\i}n},
  booktitle={Proceedings of the Twenty-Fourth ACM Symposium on Operating Systems Principles},
  pages={439--455},
  year={2013},
  organization={ACM}
}

@inproceedings{Terry:1992:CQO:130283.130333,
 author = {Terry, Douglas and Goldberg, David and Nichols, David and Oki, Brian},
 title = {Continuous Queries over Append-only Databases},
 booktitle = {Proceedings of the 1992 ACM SIGMOD International Conference on Management of Data},
 series = {SIGMOD '92},
 year = {1992},
 isbn = {0-89791-521-6},
 location = {San Diego, California, USA},
 pages = {321--330},
 numpages = {10},
 url = {http://doi.acm.org/10.1145/130283.130333},
 doi = {10.1145/130283.130333},
 acmid = {130333},
 publisher = {ACM},
 address = {New York, NY, USA},
}

@inproceedings{agrawal2004hpdc,
author = {Liang Chen and Kolagatla Reddy and Gagan Agrawal},
title = {{GATES}: A Grid-Based Middleware for Distributed Processing of Data Streams},
booktitle = {Proceedings Thirteenth {IEEE} International Symposium on
 High Performance Distributed Computing ({HPDC})},
ADDRESS = "Honolulu, Hawaii",
PUBLISHER ="IEEE Computer Society",
month = {June},
year = {2004},
}

@inproceedings{hamilton2007designing,
  title={On Designing and Deploying Internet-Scale Services.},
  author={Hamilton, James R and others},
  booktitle={LISA},
  volume={18},
  pages={1--18},
  year={2007}
}

@article{akidau2013millwheel,
  title={MillWheel: fault-tolerant stream processing at internet scale},
  author={Akidau, Tyler and Balikov, Alex and Bekiro{\u{g}}lu, Kaya and Chernyak, Slava and Haberman, Josh and Lax, Reuven and McVeety, Sam and Mills, Daniel and Nordstrom, Paul and Whittle, Sam},
  journal={Proceedings of the VLDB Endowment},
  volume={6},
  number={11},
  pages={1033--1044},
  year={2013},
  publisher={VLDB Endowment}
}

@inproceedings{kulkarni2015twitter,
  title={Twitter heron: Stream processing at scale},
  author={Kulkarni, Sanjeev and Bhagat, Nikunj and Fu, Masong and Kedigehalli, Vikas and Kellogg, Christopher and Mittal, Sailesh and Patel, Jignesh M and Ramasamy, Karthik and Taneja, Siddarth},
  booktitle={Proceedings of the 2015 ACM SIGMOD International Conference on Management of Data},
  pages={239--250},
  year={2015},
  organization={ACM}
}

@article{Alexandrov:2014:SPB:2691523.2691544,
 author = {Alexandrov, Alexander and Bergmann, Rico and Ewen, Stephan and Freytag, Johann-Christoph and Hueske, Fabian and Heise, Arvid and Kao, Odej and Leich, Marcus and Leser, Ulf and Markl, Volker and Naumann, Felix and Peters, Mathias and Rheinl\"{a}nder, Astrid and Sax, Matthias J. and Schelter, Sebastian and H\"{o}ger, Mareike and Tzoumas, Kostas and Warneke, Daniel},
 title = {The Stratosphere Platform for Big Data Analytics},
 journal = {The VLDB Journal},
 issue_date = {December  2014},
 volume = {23},
 number = {6},
 month = dec,
 year = {2014},
 issn = {1066-8888},
 pages = {939--964},
 numpages = {26},
 url = {http://dx.doi.org/10.1007/s00778-014-0357-y},
 doi = {10.1007/s00778-014-0357-y},
 acmid = {2691544},
 publisher = {Springer-Verlag New York, Inc.},
 address = {Secaucus, NJ, USA},
 keywords = {Big data, Data cleansing, Distributed systems, Graph processing, Parallel databases, Query Optimization, Query processing, Text mining},
}


@inproceedings{Chandrasekaran:2003:TCD:872757.872857,
 author = {Chandrasekaran, Sirish and Cooper, Owen and Deshpande, Amol and Franklin, Michael J. and Hellerstein, Joseph M. and Hong, Wei and Krishnamurthy, Sailesh and Madden, Samuel R. and Reiss, Fred and Shah, Mehul A.},
 title = {TelegraphCQ: Continuous Dataflow Processing},
 booktitle = {Proceedings of the 2003 ACM SIGMOD International Conference on Management of Data},
 series = {SIGMOD '03},
 year = {2003},
 isbn = {1-58113-634-X},
 location = {San Diego, California},
 pages = {668--668},
 numpages = {1},
 url = {http://doi.acm.org/10.1145/872757.872857},
 doi = {10.1145/872757.872857},
 acmid = {872857},
 publisher = {ACM},
 address = {New York, NY, USA},
}

@inproceedings{auradkar2012data,
  title={Data infrastructure at linkedin},
  author={Auradkar, Aditya and Botev, Chavdar and Das, Shirshanka and De Maagd, Dave and Feinberg, Alex and Ganti, Phanindra and Gao, Lei and Ghosh, Bhaskar and Gopalakrishna, Kishore and Harris, Brendan and others},
  booktitle={Data Engineering (ICDE), 2012 IEEE 28th International Conference on},
  pages={1370--1381},
  year={2012},
  organization={IEEE}
}

@article{Pathirage:SamzaSQL,
 author = {Pathirage, Milinda and Hyde, Julian and Pan, Yi and Plale, Beth},
 title = {SamzaSQL: Scalable Fast Data Management with Streaming SQL},
 year = {2016}
}

@inproceedings{arasu2004linear,
  title={Linear road: a stream data management benchmark},
  author={Arasu, Arvind and Cherniack, Mitch and Galvez, Eduardo and Maier, David and Maskey, Anurag S and Ryvkina, Esther and Stonebraker, Michael and Tibbetts, Richard},
  booktitle={Proceedings of the Thirtieth international conference on Very large data bases-Volume 30},
  pages={480--491},
  year={2004},
  organization={VLDB Endowment}
}

@inproceedings{wang2014bigdatabench,
  title={Bigdatabench: A big data benchmark suite from internet services},
  author={Wang, Lei and Zhan, Jianfeng and Luo, Chunjie and Zhu, Yuqing and Yang, Qiang and He, Yongqiang and Gao, Wanling and Jia, Zhen and Shi, Yingjie and Zhang, Shujie and others},
  booktitle={High Performance Computer Architecture (HPCA), 2014 IEEE 20th International Symposium on},
  pages={488--499},
  year={2014},
  organization={IEEE}
}

@inproceedings{cooper2010benchmarking,
  title={Benchmarking cloud serving systems with YCSB},
  author={Cooper, Brian F and Silberstein, Adam and Tam, Erwin and Ramakrishnan, Raghu and Sears, Russell},
  booktitle={Proceedings of the 1st ACM symposium on Cloud computing},
  pages={143--154},
  year={2010},
  organization={ACM}
}

@article{hsu2001characteristics,
  title={Characteristics of production database workloads and the TPC benchmarks},
  author={Hsu, Windsor W and Smith, Alan Jay and Young, Honesty C.},
  journal={IBM Systems Journal},
  volume={40},
  number={3},
  pages={781--802},
  year={2001},
  publisher={IBM}
}

@misc{kafka:poweredby,
 author = {Apache Kafka},
 title = {Powered By Kafka},
 url = {https://cwiki.apache.org/confluence/display/KAFKA/Powered+By}
}

@misc{apache:apex,
author = {Apache Software Foundation},
title = {Apache Apex: Enterprise-grade unified stream and batch processing engine},
url = {https://apex.apache.org}}


@Book{KrepsSep2014,
author = {Jay Kreps},
title = {I {H}eart {L}ogs: {E}vent {D}ata, {S}tream {P}rocessing, and {D}ata {I}ntegration},
publisher = { O'Reilly Media},
year = {2014},
}

@misc{barber2001data,
  title={Data recovery in a transactional database using write-ahead logging and file caching},
  author={Barber, R.J. and Herbert, D.M. and Mohan, C. and Somani, A. and Watts, S.J. and Zaharioudakis, M.},
  url={https://www.google.com/patents/US6173292},
  year={2001},
  month=jan # "~9",
  publisher={Google Patents},
  note={US Patent 6,173,292}
}

@misc{elliott1990method,
  title={Method for restoring a database after I/O error employing write-ahead logging protocols},
  author={Elliott, L.C. and Horn, G.R. and Lloyd, E.J.I.I. and Levine, F.E. and Shih, C.F. and Myre, W.W.},
  url={https://www.google.com/patents/US4945474},
  year={1990},
  month=jul # "~31",
  publisher={Google Patents},
  note={US Patent 4,945,474}
}

@misc{satoh1997computerized,
  title={Computerized method and system for replicating a database using log records},
  author={Satoh, S. and Takase, Y.},
  url={https://www.google.com/patents/US5640561},
  year={1997},
  month=jun # "~17",
  publisher={Google Patents},
  note={US Patent 5,640,561}
}

@inproceedings{ongaro2014search,
  title={In search of an understandable consensus algorithm},
  author={Ongaro, Diego and Ousterhout, John},
  booktitle={2014 USENIX Annual Technical Conference (USENIX ATC 14)},
  pages={305--319},
  year={2014}
}

@inproceedings{chandra2007paxos,
  title={Paxos made live: an engineering perspective},
  author={Chandra, Tushar D and Griesemer, Robert and Redstone, Joshua},
  booktitle={Proceedings of the twenty-sixth annual ACM symposium on Principles of distributed computing},
  pages={398--407},
  year={2007},
  organization={ACM}
}

@inproceedings{junqueira2011zab,
  title={Zab: High-performance broadcast for primary-backup systems},
  author={Junqueira, Flavio P and Reed, Benjamin C and Serafini, Marco},
  booktitle={Dependable Systems \& Networks (DSN), 2011 IEEE/IFIP 41st International Conference on},
  pages={245--256},
  year={2011},
  organization={IEEE}
}

@article{kleppmannkafka,
  title={Kafka, Samza and the Unix Philosophy of Distributed Data},
  author={Kleppmann, Martin and Kreps, Jay}
}



@ONLINE{asf:calcite,
author = {ASF},
title = {Apache Calcite},
url = {http://calcite.apache.org/}
}

@ONLINE{prestodb,
author = {Facebook},
title = {Presto: Distributed SQL Query Engine for Big Data},
url = {https://prestodb.io}
}


@online{Kreps:QuestioningLambda,
  author = {Jay Kreps},
  title = {Questioning the Lambda Architecture},
  year = 2014,
  url = {http://radar.oreilly.com/2014/07/questioning-the-lambda-architecture.html},
  urldate = {2014-07-02}
}

@inproceedings{kreps:2011kafka,
  title={Kafka: A distributed messaging system for log processing},
  author={Kreps, Jay and Narkhede, Neha and Rao, Jun and others},
  year={2011},
  organization={NetDB}
}

@article{Boykin:Summingbird,
 author = {Boykin, Oscar and Ritchie, Sam and O'Connell, Ian and Lin, Jimmy},
 title = {Summingbird: A Framework for Integrating Batch and Online MapReduce Computations},
 journal = {Proc. VLDB Endow.},
 issue_date = {August 2014},
 volume = {7},
 number = {13},
 month = aug,
 year = {2014},
 issn = {2150-8097},
 pages = {1441--1451},
 numpages = {11},
 url = {http://dx.doi.org/10.14778/2733004.2733016},
 doi = {10.14778/2733004.2733016},
 acmid = {2733016},
 publisher = {VLDB Endowment},
}

@inproceedings{Peng:2010:LIP:1924943.1924961,
 author = {Peng, Daniel and Dabek, Frank},
 title = {Large-scale Incremental Processing Using Distributed Transactions and Notifications},
 booktitle = {Proceedings of the 9th USENIX Conference on Operating Systems Design and Implementation},
 series = {OSDI'10},
 year = {2010},
 location = {Vancouver, BC, Canada},
 pages = {251--264},
 numpages = {14},
 url = {http://dl.acm.org/citation.cfm?id=1924943.1924961},
 acmid = {1924961},
 publisher = {USENIX Association},
 address = {Berkeley, CA, USA},
}

@article{akidau:millwheel,
  title={MillWheel: fault-tolerant stream processing at internet scale},
  author={Akidau, Tyler and Balikov, Alex and Bekiro{\u{g}}lu, Kaya and Chernyak, Slava and Haberman, Josh and Lax, Reuven and McVeety, Sam and Mills, Daniel and Nordstrom, Paul and Whittle, Sam},
  journal={Proceedings of the VLDB Endowment},
  volume={6},
  number={11},
  pages={1033--1044},
  year={2013},
  publisher={VLDB Endowment}
}

@article{Golab:issues,
 author = {Golab, Lukasz and \"{O}zsu, M. Tamer},
 title = {Issues in Data Stream Management},
 journal = {SIGMOD Rec.},
 issue_date = {June 2003},
 volume = {32},
 number = {2},
 month = jun,
 year = {2003},
 issn = {0163-5808},
 pages = {5--14},
 numpages = {10},
 url = {http://doi.acm.org/10.1145/776985.776986},
 doi = {10.1145/776985.776986},
 acmid = {776986},
 publisher = {ACM},
 address = {New York, NY, USA},
}

@article{Li:OOP,
 author = {Li, Jin and Tufte, Kristin and Shkapenyuk, Vladislav and Papadimos, Vassilis and Johnson, Theodore and Maier, David},
 title = {Out-of-order Processing: A New Architecture for High-performance Stream Systems},
 journal = {Proc. VLDB Endow.},
 issue_date = {August 2008},
 volume = {1},
 number = {1},
 month = aug,
 year = {2008},
 issn = {2150-8097},
 pages = {274--288},
 numpages = {15},
 url = {http://dx.doi.org/10.14778/1453856.1453890},
 doi = {10.14778/1453856.1453890},
 acmid = {1453890},
 publisher = {VLDB Endowment},
}

@article{Abadi:Aurora,
 author = {Abadi, Daniel J. and Carney, Don and \c{C}etintemel, Ugur and Cherniack, Mitch and Convey, Christian and Lee, Sangdon and Stonebraker, Michael and Tatbul, Nesime and Zdonik, Stan},
 title = {Aurora: A New Model and Architecture for Data Stream Management},
 journal = {The VLDB Journal},
 issue_date = {August 2003},
 volume = {12},
 number = {2},
 month = aug,
 year = {2003},
 issn = {1066-8888},
 pages = {120--139},
 numpages = {20},
 url = {http://dx.doi.org/10.1007/s00778-003-0095-z},
 doi = {10.1007/s00778-003-0095-z},
 acmid = {950485},
 publisher = {Springer-Verlag New York, Inc.},
 address = {Secaucus, NJ, USA},
 keywords = {Continuous queries, Data stream management, Database triggers, Quality-of-service, Real-time systems},
}

@article{Arasu:CQL,
 author = {Arasu, Arvind and Babu, Shivnath and Widom, Jennifer},
 title = {The CQL Continuous Query Language: Semantic Foundations and Query Execution},
 journal = {The VLDB Journal},
 issue_date = {June 2006},
 volume = {15},
 number = {2},
 month = jun,
 year = {2006},
 issn = {1066-8888},
 pages = {121--142},
 numpages = {22},
 url = {http://dx.doi.org/10.1007/s00778-004-0147-z},
 doi = {10.1007/s00778-004-0147-z},
 acmid = {1146463},
 publisher = {Springer-Verlag New York, Inc.},
 address = {Secaucus, NJ, USA},
 keywords = {Continuous queries, Data streams, Query language, Query processing},
}

@inproceedings{Cranor:Gigascope,
 author = {Cranor, Chuck and Johnson, Theodore and Spataschek, Oliver and Shkapenyuk, Vladislav},
 title = {Gigascope: A Stream Database for Network Applications},
 booktitle = {Proceedings of the 2003 ACM SIGMOD International Conference on Management of Data},
 series = {SIGMOD '03},
 year = {2003},
 isbn = {1-58113-634-X},
 location = {San Diego, California},
 pages = {647--651},
 numpages = {5},
 url = {http://doi.acm.org/10.1145/872757.872838},
 doi = {10.1145/872757.872838},
 acmid = {872838},
 publisher = {ACM},
 address = {New York, NY, USA},
}

@inproceedings{Ding:EWJ,
 author = {Ding, Luping and Rundensteiner, Elke A.},
 title = {Evaluating Window Joins over Punctuated Streams},
 booktitle = {Proceedings of the Thirteenth ACM International Conference on Information and Knowledge Management},
 series = {CIKM '04},
 year = {2004},
 isbn = {1-58113-874-1},
 location = {Washington, D.C., USA},
 pages = {98--107},
 numpages = {10},
 url = {http://doi.acm.org/10.1145/1031171.1031189},
 doi = {10.1145/1031171.1031189},
 acmid = {1031189},
 publisher = {ACM},
 address = {New York, NY, USA},
 keywords = {join algorithm, punctuation, sliding window, streaming data processing},
}

@inproceedings{Hammad:OIE,
 author = {Hammad, Moustafa A. and Aref, Walid G. and Elmagarmid, Ahmed K.},
 title = {Optimizing In-order Execution of Continuous Queries over Streamed Sensor Data},
 booktitle = {Proceedings of the 17th International Conference on Scientific and Statistical Database Management},
 series = {SSDBM'2005},
 year = {2005},
 isbn = {1-88888-111-X},
 location = {Santa Barbara, CA},
 pages = {143--146},
 numpages = {4},
 url = {http://dl.acm.org/citation.cfm?id=1116877.1116897},
 acmid = {1116897},
 publisher = {Lawrence Berkeley Laboratory},
 address = {Berkeley, CA, US},
}

@inproceedings{Hammad:SSW,
 author = {Hammad, Moustafa A. and Franklin, Michael J. and Aref, Walid G. and Elmagarmid, Ahmed K.},
 title = {Scheduling for Shared Window Joins over Data Streams},
 booktitle = {Proceedings of the 29th International Conference on Very Large Data Bases - Volume 29},
 series = {VLDB '03},
 year = {2003},
 isbn = {0-12-722442-4},
 location = {Berlin, Germany},
 pages = {297--308},
 numpages = {12},
 url = {http://dl.acm.org/citation.cfm?id=1315451.1315478},
 acmid = {1315478},
 publisher = {VLDB Endowment},
}

@inproceedings{Srivastava:FTM,
 author = {Srivastava, Utkarsh and Widom, Jennifer},
 title = {Flexible Time Management in Data Stream Systems},
 booktitle = {Proceedings of the Twenty-third ACM SIGMOD-SIGACT-SIGART Symposium on Principles of Database Systems},
 series = {PODS '04},
 year = {2004},
 isbn = {158113858X},
 location = {Paris, France},
 pages = {263--274},
 numpages = {12},
 url = {http://doi.acm.org/10.1145/1055558.1055596},
 doi = {10.1145/1055558.1055596},
 acmid = {1055596},
 publisher = {ACM},
 address = {New York, NY, USA},
}

@article{Tucker:EPS,
 author = {Tucker, Peter A. and Maier, David and Sheard, Tim and Fegaras, Leonidas},
 title = {Exploiting Punctuation Semantics in Continuous Data Streams},
 journal = {IEEE Trans. on Knowl. and Data Eng.},
 issue_date = {March 2003},
 volume = {15},
 number = {3},
 month = mar,
 year = {2003},
 issn = {1041-4347},
 pages = {555--568},
 numpages = {14},
 url = {http://dx.doi.org/10.1109/TKDE.2003.1198390},
 doi = {10.1109/TKDE.2003.1198390},
 acmid = {776780},
 publisher = {IEEE Educational Activities Department},
 address = {Piscataway, NJ, USA},
 keywords = {Continuous queries, stream semantics, continuous data streams, query operators, stream iterators.},
}

@inproceedings{Krishnamurthy:CAO,
 author = {Krishnamurthy, Sailesh and Franklin, Michael J. and Davis, Jeffrey and Farina, Daniel and Golovko, Pasha and Li, Alan and Thombre, Neil},
 title = {Continuous Analytics over Discontinuous Streams},
 booktitle = {Proceedings of the 2010 ACM SIGMOD International Conference on Management of Data},
 series = {SIGMOD '10},
 year = {2010},
 isbn = {978-1-4503-0032-2},
 location = {Indianapolis, Indiana, USA},
 pages = {1081--1092},
 numpages = {12},
 url = {http://doi.acm.org/10.1145/1807167.1807290},
 doi = {10.1145/1807167.1807290},
 acmid = {1807290},
 publisher = {ACM},
 address = {New York, NY, USA},
 keywords = {continuous queries, order, out-of-order, streams},
}

@inproceedings{Ananthanarayanan:PFS,
 author = {Ananthanarayanan, Rajagopal and Basker, Venkatesh and Das, Sumit and Gupta, Ashish and Jiang, Haifeng and Qiu, Tianhao and Reznichenko, Alexey and Ryabkov, Deomid and Singh, Manpreet and Venkataraman, Shivakumar},
 title = {Photon: Fault-tolerant and Scalable Joining of Continuous Data Streams},
 booktitle = {Proceedings of the 2013 ACM SIGMOD International Conference on Management of Data},
 series = {SIGMOD '13},
 year = {2013},
 isbn = {978-1-4503-2037-5},
 location = {New York, New York, USA},
 pages = {577--588},
 numpages = {12},
 url = {http://doi.acm.org/10.1145/2463676.2465272},
 doi = {10.1145/2463676.2465272},
 acmid = {2465272},
 publisher = {ACM},
 address = {New York, NY, USA},
 keywords = {continuous streams, fault-tolerance, paxos, stream joining},
}

@online{calcite:streamingsql,
  author = {Apache Calcite},
  title = {Streaming SQL},
  year = 2016,
  url = {http://calcite.apache.org/docs/stream.html},
}
